@article{hartenberg:1955,
	author =       "R.S. Hartenberg and J. Denavit",
	title =        "A kinematic notation for lower pair mechanisms based on matrices",
	journal =      "Journal of Applied Mechanics",
	volume =       "77",
	pages =        "215--221",
	year =         "1955",
}

@book{fu:1987,
	author    = " K. S. Fu and R.C. Gonzalez and C. S. G. Lee",
	title     = "Robotics: control, sensing, vision, and
	inteligence",
	year      = "1987",
	publisher = "McGraw-Hill Book Company",
	address   = "USA"
}