@article{hartenberg:1955,
	author =       "R.S. Hartenberg and J. Denavit",
	title =        "A kinematic notation for lower pair mechanisms based on matrices",
	journal =      "Journal of Applied Mechanics",
	volume =       "77",
	pages =        "215--221",
	year =         "1955",
}

@book{fu:1987,
	author    = " K. S. Fu and R.C. Gonzalez and C. S. G. Lee",
	title     = "Robotics: control, sensing, vision, and
	inteligence",
	year      = "1987",
	publisher = "McGraw-Hill Book Company",
	address   = "USA"
}

@book{craig:1995,
	author    = "Craig J. J.",
	title     = "Wprowadzenie do robotyki, mechanika i sterowanie",
	year      = "1995",
	publisher = "WNT",
	address   = "Warszawa"
}

@book{hejmo:1997,
	author    = " W. Hejmo",
	title     = "Sterowanie robotami i manipulatorami przemys³owymi: metody i
	modele matematyczne",
	year      = "1997",
	publisher = "Wydawnictwo Politechniki Krakowskiej",
	address   = "Kraków"
}

@article{hung:1993,
	author =       "Hung J. Y. and Gao W. and Hung J. C.",
	title =        "Variable Structure Control: A Survey",
	journal =      "IEEE Transactions on Industrial Electronics",
	volume =       "40",
	pages =        "2-22",
	year =         "1993",
}

@BOOK{nocedal:numopt,
	AUTHOR =       {Nocedal, J. and Wright, S. J.},
	TITLE =        {Numerical Optimization},
	PUBLISHER =    {Springer Science+Business Media, LLC., New York},
	YEAR =         {2006},
}

@BOOK{principe:neuralandadaptive,
	AUTHOR =       {Principe, J. C. and Euliano, N. R. and Lefebvre, W. C.},
	TITLE =        {Neural and Adaptive Systems: Fundamentals Through Simulations},
	PUBLISHER =    {Wiley, New York},
	YEAR =         {2000},
}

@BOOK{hansen:rank,
	AUTHOR =       {Hansen, Ch.},
	TITLE =        {Rank Deficient and Discrete Ill Posed Problems, Numerical Aspects of Linear Inversion},
	PUBLISHER =    {SIAM},
	YEAR =         {1998},
}

@BOOK{glasko:inverse,
	AUTHOR =       {Glasko, V. B.},
	TITLE =        {Inverse Problems of Mathematical Physics},
	PUBLISHER =    {American Institute of Physics},
	YEAR =         {1988},
}

@BOOK{findeisen:optymalizacja,
	AUTHOR =       {Findeisen, W. and Szymanowski, J. and Wierzbicki, A.},
	TITLE =        {Teoria i Metody Obliczeniowe Optymalizacji},
	PUBLISHER =    {PWN, Warszawa},
	YEAR =         {1980},
}

@BOOK{golub:matrix,
	AUTHOR =       {Golub, G. H. and Van Loan, C. F.},
	TITLE =        {Matrix Computations. 3rd ed.},
	PUBLISHER =    {Johns Hopkins University Press, Baltimore},
	YEAR =         {1996},
}

@BOOK{kaczorek:wektory,
	AUTHOR =       {Kaczorek, T.},
	TITLE =        {Wektory i Macierze w Automatyce i Elektrotechnice},
	PUBLISHER =    {WNT, Warszawa},
	YEAR =         {1998},
}

@BOOK{ljung:systemid,
	AUTHOR =       {Ljung, L.},
	TITLE =        {System Identification: Theory for the User},
	PUBLISHER =    {Upper Saddle River, NJ, USA:Prentice-Hall},
	YEAR =         {1999},
}

@BOOK{kozlowski:mathematical,
	AUTHOR =       {Koz³owski, K.},
	TITLE =        {Mathematical Dynamic Robot Models and Identification of Their Parameters},
	PUBLISHER =    {Technical University of Poznan Press},
	YEAR =         {1992},
}

@BOOK{kozlowski:modelling,
	AUTHOR =       {Koz³owski, K.},
	TITLE =        {Modelling and Identification in Robotics},
	PUBLISHER =    {Springer Verlag, Berlin},
	YEAR =         {1998},
}

@BOOK{masters:sieci,
	AUTHOR =       {Masters, T.},
	TITLE =        {Sieci Neuronowe w Praktyce, Programowanie w Jêzyku C++},
	PUBLISHER =    {WNT, Warszawa},
	YEAR =         {1996},
}

@BOOK{jankowski:ontogeniczne,
	AUTHOR =       {Jankowski, N.},
	TITLE =        {Ontogeniczne Sieci Neuronowe, o Sieciach Zmieniaj¹cych Swoj¹ Strukturê},
	PUBLISHER =    {Akademicka Oficyna Wydawnicza EXIT, Warszawa},
	YEAR =         {2003},
}

@BOOK{edwards:sliding,
	AUTHOR =       {Edwards, C. and Spurgeon, S. K.},
	TITLE =        {Sliding Mode Control: Theory and Applications},
	PUBLISHER =    {Taylor and Francis},
	YEAR =         {1998},
}

@BOOK{soderstrom:identyfikacja,
	AUTHOR =       {S\"{o}derstr\"{o}m, T. and Stoica, P.},
	TITLE =        {Identyfikacja Systemów},
	PUBLISHER =    {Wydawnictwo Naukowe PWN, Warszawa},
	YEAR =         {1997},
}

@BOOK{korbicz:sztuczne,
	AUTHOR =       {Korbicz, J. and Obuchowicz, A. and Uciñski, D.},
	TITLE =        {Sztuczne Sieci Neuronowe: Postawy i Zastosowania},
	PUBLISHER =    {Akademicka Oficyna Wydawnicza PLJ, Warszawa},
	YEAR =         {1994},
}

@BOOK{fu:robotics,
	AUTHOR =       {Fu, K. S. and Gonzalez, R. C. and Lee, C. S. G.},
	TITLE =        {Robotics: Control, Sensing, Vision, and Inteligence},
	PUBLISHER =    {McGraw-Hill Book Company},
	YEAR =         {1987},
}

@BOOK{morecki:podstawy,
	AUTHOR =       {Morecki, A. and Knapczyk, J.},
	TITLE =        {Podstawy Robotyki. Teoria i Elementy Manipulatorów i Robotów (praca zbiorowa)},
	PUBLISHER =    {WNT Warszawa},
	YEAR =         {1993},
}

@BOOK{giergiel:modelowanie,
	AUTHOR =       {Giergiel, M. J. and Hendzel, Z. and ¯ylski, W.},
	TITLE =        {Modelowanie i Sterowanie Mobilnych Robotów Ko³owych},
	PUBLISHER =    {PWN Warszawa},
	YEAR =         {2002},
}

@BOOK{craig:wprowadzenie,
	AUTHOR =       {Craig, J. J.},
	TITLE =        {Wprowadzenie do Robotyki},
	PUBLISHER =    {WNT Warszawa},
	YEAR =         {1995},
}

@BOOK{corke:mrt,
	AUTHOR =       {Corke, P. I.},
	TITLE =        {Matlab Robotics Toolbox - Release 5},
	PUBLISHER =    {CSIRO, Australia},
	YEAR =         {1999},
}

@BOOK{osowski:sieci,
	AUTHOR =       {Osowski, S.},
	TITLE =        {Sieci Neuronowe Do Przetwarzania Informacji},
	PUBLISHER =    {OWPW, Warszawa},
	YEAR =         {2000},
}

@BOOK{osowski:siecialg,
	AUTHOR =       {Osowski, S.},
	TITLE =        {Sieci Neuronowe w Ujêciu Algorytmicznym},
	PUBLISHER =    {WNT, Warszawa},
	YEAR =         {1996},
}

@BOOK{lewis:neuralcontrol,
	AUTHOR =       {Lewis, F. L. and Jagannathan, S. and Yesildirek, A.},
	TITLE =        {Neural Network Control of Robot Manipulators and Nonlinear Systems},
	PUBLISHER =    {Taylor and Francis},
	YEAR =         {1999},
}

@BOOK{matlab:neural,
	AUTHOR =       {Demuth, H. and Beale, M. and Hagan, M.},
	TITLE =        {Neural Network Toolbox For use with {MATLAB}: User's Guide},
	PUBLISHER =    {The Mathworks},
	YEAR =         {2006},
}

@BOOK{norrlof:phd,
	AUTHOR =       {Norrl\"{o}f, M.},
	TITLE =        {Iterative Learning Control: Analysis, Design, and Experiments - PhD Thesis},
	PUBLISHER =       {Link\"{o}ping Studies in Science and Technology, Link\"{o}ping, Sweden},
	YEAR =         {2000},
}

@BOOK{swider:phd,
	AUTHOR =       {Œwider, K.},
	TITLE =        {Automatyczne Generowanie i Redukcja Symbolicznych Modeli Dynamiki Robotów - Rozprawa Doktorska},
	PUBLISHER =       {Wydzia³ Elektroniki, Politechnika Warszawska},
	YEAR =         {1992},
}

@BOOK{wawrzynski:phd,
	AUTHOR =       {Wawrzyñski, P.},
	TITLE =        {Intensive Reinforcement Learning - Rozprawa Doktorska},
	PUBLISHER =       {Wydzia³ Elektroniki, Politechnika Warszawska},
	YEAR =         {2005},
}

@BOOK{mozaryn:msc,
	AUTHOR =       {Mo¿aryn, J.},
	TITLE =        {Projektowanie uk³adu sterowania œlizgowego dla robota PUMA 560 - Praca Dyplomowa Magisterska},
	PUBLISHER =       {Politechnika Warszawska},
	YEAR =         {2001},
}

@TECHREPORT{norrlof:modelling,
	AUTHOR =       { Norrl\"{o}f M.,},
	TITLE =        {Modelling of Industrial Robots},
	INSTITUTION =  {Link\"{o}ping University, Link\"{o}ping, Sweden},
	YEAR =         {1999},
	number =       {LiTH-ISY-R-2208}
}

@TECHREPORT{davidon:variable,
	AUTHOR =       {Davidon, W. C.},
	TITLE =        {Variable Metric Method for Minimization},
	INSTITUTION =  {A.E.C. Research and Development Report},
	YEAR =         {1959},
	number =       {ANL-5990},
}

@TECHREPORT{shewchuk:introduction94,
	AUTHOR =       {Shewchuk, J. R.},
	TITLE =        {An Introduction to the Conjugate Gradient Method Without the Agonizing Pain},
	INSTITUTION =  {School of Computer Science, Carnegie Mellon University, Pittsburgh, PA 15213},
	YEAR =         {1994},
}

@ARTICLE{neumayer:solving,
	AUTHOR =       {Neumayer, A.},
	TITLE =        {Solving ill-conditioned and Singular Linear Systems, a Tutorial on Regularization},
	JOURNAL =      {SIAM Review},
	YEAR =         {1998},
	volume =       {40},
	pages =        {636-666},
}

@ARTICLE{wesley:selection,
	AUTHOR =       {Wesley, H. J. and Gribok, A. V. and Urmanov, A. M. and Buckner, M. A.},
	TITLE =        {Selection of Multiple Regularization Parameters in Local Ridge Regression Using Evolutionary Algorithms and Prediction Risk Optimization},
	JOURNAL =      {Inverse Problems in Engineering},
	YEAR =         {2003},
	volume =       {11},
	number=        {3},
	pages =        {215-227},
}

@ARTICLE{tikhonov:solution,
	AUTHOR =       {Tikhonov, A. N. },
	TITLE =        {Solution of Incorrectly Formulated Problems and Regularization Method},
	JOURNAL =      {Soviet. Math. Dokl. },
	YEAR =         {1963},
	volume =       {4},
	pages =        {1035-1038},
}

@ARTICLE{johnson:positive,
	AUTHOR =       {Johnson, C. R.},
	TITLE =        {Positive Definite Matrices},
	JOURNAL =      {American Mathematical Monthly},
	YEAR =         {1970},
	volume =       {77},
	pages =        {259-264},
}

@ARTICLE{vapnik:vc,
	AUTHOR =       {Vapnik, V. and Chervonenkis, A.},
	TITLE =        {On the Uniform Convergence of Relative Frequencies of Events of Their Probabilities},
	JOURNAL =      {Theory of Probability and its Applications},
	YEAR =         {1971},
	volume =       {16},
	pages =        {264-280},
}

@ARTICLE{vapnik:principle,
	AUTHOR =       {Vapnik, V.},
	TITLE =        {Principle of Risk Minimization for Learning Theory},
	JOURNAL =      {NIPS4},
	YEAR =         {1992},
	pages =        {831-838},
}

@ARTICLE{horne:progress,
	AUTHOR =       {Horne, B. and Hush, D.},
	TITLE =        {Progress in Supervised Neural Networks},
	JOURNAL =      {IEEE Signal Processing Magazine},
	YEAR =         {1993},
	pages =        {8-39},
}

@ARTICLE{narendra:identification,
	AUTHOR =       {Narendra, K. S. and Parthasarathy, K.},
	TITLE =        {Identification and Control of Dynamical Systems Using Neural Networks},
	JOURNAL =      {IEEE Transactions on Neural Networks},
	YEAR =         {1990},
	volume =       {1},
	number =       {1},
	pages =        {4-27},
}

@ARTICLE{gao:discrete,
	AUTHOR =       {Gao, W. and Wang, Y. and Homaifa, A.},
	TITLE =        {Discrete-Time Variable Structure Control Systems},
	JOURNAL =      {IEEE Transactions on Industrial Electronics},
	YEAR =         {1995},
	volume =       {42},
	number =       {2},
	pages =        {117-122},
}

@ARTICLE{kurek:iterative,
	AUTHOR =       {Kurek, J.E. and Zaremba, M. B.},
	TITLE =        {Iterative Learning Control Synthesis Based on 2-D System Theory},
	JOURNAL =      {IEEE Transactions on Automatic Control},
	YEAR =         {1993},
	volume =       {38},
	number =       {1},
	pages =        {121-124},
}

@ARTICLE{kurek:iteracyjne,
	AUTHOR =       {Kurek, J.E.},
	TITLE =        {Iteracyjne Ucz¹ce siê Sterowanie Robota PUMA 560},
	JOURNAL =      {Pomiary Automatyka Kontrola},
	YEAR =         {1999},
	volume =       {8},
	pages =        {32-35},
}

@ARTICLE{utkin:variable,
	AUTHOR =       {Utkin, V. I.},
	TITLE =        {Variable Structure Systems with Sliding Modes},
	JOURNAL =      {IEEE Transactions on Automatic Control},
	YEAR =         {1977},
	volume=        {22},
	pages =        {212-222},
}

@ARTICLE{slotine:tracking,
	AUTHOR =       {Slotine, J.-J. E. and Sastry, S. S.},
	TITLE =        {Tracking Control of Nonlinear Systems Using Sliding Surfaces with Aplication to Robot Manipulators},
	JOURNAL =      {International Journal of Control},
	YEAR =         {1983},
	pages =        {465-492},
	volume=        {38},
	number=        {2},
}

@ARTICLE{mayeda:bps,
	AUTHOR =       {Mayeda, H. and Yoshida, K. and Osuka, K.},
	TITLE =        {Base Parameters of Manipulator Dynamic Models},
	JOURNAL =      {IEEE Transactions on Robotics and Automation},
	YEAR =         {1990},
	volume=        {6},
	number=        {3},
	pages =        {312-321},
}

@ARTICLE{slotine:observers,
	AUTHOR =       {Slotine, J.-J. E. and de Wit, C.},
	TITLE =        {Sliding Observers for Robot Manipulators},
	JOURNAL =      {Automatica},
	YEAR =         {1991},
	volume=        {27},
	number=        {5},
	pages =        {859-864},
}

@ARTICLE{gao:variable,
	AUTHOR =       {Gao, W. and Hung, J.C.},
	TITLE =        {Variable Structure Control of Nonliner Systems: A New Approach},
	JOURNAL =      {IEEE Transactions on Industrial Electronics},
	YEAR =         {1993},
	volume=        {40},
	number=        {1},
	pages =        {45-55},
}

@ARTICLE{denavit:kinematic,
	AUTHOR =       {Denavit, J. and Hartenberg, R. S.},
	TITLE =        {A Kinematic Notation for Lower-pair Mechanisms Based on Matrices},
	JOURNAL =      {Journal of Applied Mechanics},
	YEAR =         {1955},
	volume=        {23},
	pages =        {215-221},
}

@ARTICLE{mcculloch:logical,
	AUTHOR =       {McCulloch, W. S. and Pitts, W. H.},
	TITLE =        {A Logical Calculus of Ideas Immanent In Nervous Activity},
	JOURNAL =      {Bulletin of Mathematical Biology},
	YEAR =         {1943},
	volume=        {5},
	number=        {4},
	pages =        {115-119},
}

@ARTICLE{levenberg:method,
	AUTHOR =       {Levenberg, K.},
	TITLE =        {A Method for the Solution of Certain Problems in Least Squares},
	JOURNAL =      {The Quarterly of Applied Mathematics},
	YEAR =         {1944},
	volume=        {2},
	pages =        {164-168},
}

@ARTICLE{marquardt:algorithm,
	AUTHOR =       {Marquardt, D.},
	TITLE =        {An Algorithm for Least-Squares Estimation of Nonlinear Parameters},
	JOURNAL =      {SIAM Journal on Applied Mathematics},
	YEAR =         {1963},
	volume=        {11},
	pages =        {431-441},
}

@ARTICLE{rumelhart:learning,
	AUTHOR =       {Rumelhart, D. E. and Hinton, G. E. and Williams, R. J.},
	TITLE =        {Learning Internal Representation By Error Propagation},
	JOURNAL =      {Parallel distributed processing: Explorations in the Microstructures of Cognition,
	Rumelhart, D.E., McClelland, (Eds.), MIT Press, Cambridge},
	YEAR =         {1986},
	volume=        {1},
	pages=         {318-362},
}

@ARTICLE{broyden:convergence,
	AUTHOR =       {Broyden, C. G.},
	TITLE =        {The Convergence of a Class of Double-rank Minimization Algorithms},
	JOURNAL =      {Journal of the Institute of Mathematics and Its Applications},
	YEAR =         {1970},
	volume=        {6},
	pages=         {76-90},
}

@ARTICLE{fletcher:approach,
	AUTHOR =       {Fletcher, R.},
	TITLE =        {A New Approach to Variable Metric Algorithms},
	JOURNAL =      {The Computer Journal},
	YEAR =         {1970},
	volume=        {13},
	pages=         {317-322},
}

@ARTICLE{goldfarb:family,
	AUTHOR =       {Goldfarb, D.},
	TITLE =        {A Family of Variable Metric Updates Derived by Variational Means},
	JOURNAL =      {Mathematics of Computing},
	YEAR =         {1970},
	volume=        {24},
	pages=         {23-26},
}

@ARTICLE{shanno:conditioning,
	AUTHOR =       {Shanno, D. F.},
	TITLE =        {Conditioning of Quasi-Newton Methods for Function Minimization},
	JOURNAL =      {Mathematics of Computing},
	YEAR =         {1970},
	volume=        {24},
	pages=         {647-656},
}

@ARTICLE{powell:rapidly,
	AUTHOR =       {Fletcher, R. and Powell, M. J. D.},
	TITLE =        {A Rapidly Convergent Descent Method for Minimization},
	JOURNAL =      {Computer Journal},
	YEAR =         {1963},
	volume=        {6},
	pages=         {163-168},
}

@ARTICLE{reeves:function,
	AUTHOR =       {Fletcher, R. and Reeves, C. M.},
	TITLE =        {Function Minimization by Conjugate Gradients},
	JOURNAL =      {Computer Journal},
	YEAR =         {1964},
	volume=        {7},
	pages=         {149-154},
}

@ARTICLE{lewis:neural,
	AUTHOR =       {Lewis, F. L. and Liu, K. and Yesildirek, A.},
	TITLE =        {Neural Net Robot Controller with Guaranteed Tracking Performance},
	JOURNAL =      {IEEE Transactions on Neural Networks},
	YEAR =         {1995},
	volume=        {6},
	number=        {3},
	pages=         {703-715},
}

@ARTICLE{lewis:neuralstrstab,
	AUTHOR =       {Lewis, F. L. and Liu, K. and Yesildirek, A.},
	TITLE =        {Neural Net Robot Controller: Structure and Stability Proofs},
	JOURNAL =      {Journal on Intelligent and Robotic Systems},
	YEAR =         {1995},
	volume=        {12},
	pages=         {277-299},
}

@ARTICLE{lewis:multineural,
	AUTHOR =       {Lewis, F. L. and Liu, K. and Yesildirek, A.},
	TITLE =        {Multilayer Neural Net Robot Controller: Structure and Stability Proofs},
	JOURNAL =      {IEEE Transactions on Neural Networks},
	YEAR =         {1996},
	volume=        {7},
	pages=         {1-12}
}

@ARTICLE{lewis:neuralexpert,
	AUTHOR =       {Lewis, F. L.},
	TITLE =        {Neural Network Control of Robot Manipulators},
	JOURNAL =      {IEEE Expert, special track on Intelligent Control},
	YEAR =         {1996},
	volume=        {11},
	number=        {3},
	pages=         {64-75},
}

@ARTICLE{jagannathan:neuraldiscrete,
	AUTHOR =       {Jagannathan, S. and Lewis, F. L.},
	TITLE =        {Multilayer Discrete-Time Neural-Net Controller},
	JOURNAL =      {IEEE Transactions on Neural Networks},
	YEAR =         {1996},
	volume=        {7},
	number=        {1},
	pages=         {107-130}
}

@ARTICLE{tourassis:properties,
	AUTHOR =       {Tourassis, V. D. and Neuman, C. P.},
	TITLE =        {Properties and Structure of Dynamic Robot Models for Control Engeenering Applications},
	JOURNAL =      {Mechanism and Machine Theory},
	YEAR =         {1985},
	volume=        {20},
	number=        {1},
	pages=         {27-40},
}

@ARTICLE{tang:mathematical,
	AUTHOR =       {Tang, K.M.W and Tourassis, V. D.},
	TITLE =        {Mathematical Deficiencies of Numericaly Simplified Dynamic Robot Models},
	JOURNAL =      {IEEE Transactions on Automatic Control},
	YEAR =         {1989},
	volume=        {34},
	number=        {10},
	pages=         {1109-1111},
}

@ARTICLE{corke:symbolic,
	AUTHOR =       {Corke, P. I.},
	TITLE =        {A Symbolic and Numeric Procedure for Manipulator Rigid-body Dynamic Significance Analysis and Simplification},
	JOURNAL =      {Robotica},
	YEAR =         {1998},
	volume=        {16},
	pages=         {589-594},
}

@ARTICLE{hornik:networkuniversal,
	AUTHOR =       {Hornik, K. and Stinchcombe, M. and White, H.},
	TITLE =        {Multilayer Feedforward Networks are Universal Approximators},
	JOURNAL =      {Neural Networks},
	YEAR =         {1989},
	volume=        {2},
	number=        {15},
	pages=         {359-366},
}

@ARTICLE{cybenko:approximation,
	AUTHOR =       {Cybenko, G.},
	TITLE =        {Approximation by Superpositions of a Sigmoidal Function},
	JOURNAL =      {Mathematics of Control, Signals and Systems (MCSS)},
	YEAR =         {1989},
	volume=        {2},
	number=        {4},
	pages=         {303-314},
}

@ARTICLE{kurkova:kolmogorov,
	AUTHOR =       {Kurkova, V.},
	TITLE =        {Kolmogorov's Theorem and Multilayer Networks},
	JOURNAL =      {Neural Networks},
	YEAR =         {1992},
	volume=        {5},
	number=        {3},
	pages=         {501-506},
}

@ARTICLE{kozlowski:dynamic,
	AUTHOR =       {Koz³owski, K.},
	TITLE =        {Robot Dynamics Models in Terms of Generalized and Quasi-Coordinates. A Comparison},
	JOURNAL =      {Applied Mathematics and Computer Science},
	YEAR =         {1995},
	number=        {2},
	pages=         {305-328},
}

@ARTICLE{khalil:exciting,
	AUTHOR =       {Gautier, M. and Khalil, W.},
	TITLE =        {Exciting Trajectories for the Identification of Base Inertial Parameters of Robots},
	JOURNAL =      {International Journal of Robotic Research},
	YEAR =         {1992},
	volume=        {11},
	number=        {4},
	pages=         {362-375},
}

@ARTICLE{sadegh:perceptron,
	AUTHOR =       {Sadegh, N.},
	TITLE =        {A Perceptron Network for Functional Identification and Control of Nonlinear Systems},
	JOURNAL =      {IEEE Transation on Neural Networks},
	YEAR =         {1993},
	volume=        {4},
	number=        {6},
	pages=         {982-988},
}

@ARTICLE{gautier:kalmanwls,
	AUTHOR =       {Gautier, M. and Poignet, P.},
	TITLE =        {Extended Kalman Filtering and Weighted Least Squares Dynamic Identification of Robot},
	JOURNAL =      {Control Engeenering Practice},
	YEAR =         {2001},
	volume=        {9},
	number=        {12},
	pages=         {1361-1372},
}

@ARTICLE{kawato:feedbackerrorlearning,
	AUTHOR =       {Kawato, M. and Miyamoto, H.M. and Setoyama, T. and Suzuki, T.},
	TITLE =        {Feedback-error-learning Neural Network for Trajectory Control of a Robotic Manipulator},
	JOURNAL =      {Neural Networks},
	YEAR =         {1988},
	volume=        {11},
	pages=         {251-265},
}

@ARTICLE{furuhashi:trajectory,
	AUTHOR =       {Furuhashi, T. and Okuma, S. and Ozaki, T. and Suzuki, T.},
	TITLE =        {Trajectory Control of Robotic Manipulator Using Neural Networks},
	JOURNAL =      {IEEE Transactions on Industrial Electronics},
	YEAR =         {1991},
	volume=        {38},
	number=        {3},
	pages=         {195-202},
}

@ARTICLE{sanner:stableadaptive,
	AUTHOR =       {Slotine, J.-J. E. and Sanner, R.M.},
	TITLE =        {Stable Adaptive Control of Robot Manipulators Using Neural Networks},
	JOURNAL =      {Neural Computation},
	YEAR =         {1995},
	volume=        {7},
	number=        {4},
	pages=         {753-790},
}

@ARTICLE{slotine:stable,
	AUTHOR =       {Slotine, J.-J. E. and Sanner, R.M.},
	TITLE =        {Stable Adaptive Control and Recursive Identification Using Radial Gaissian Networks},
	JOURNAL =      {Proceedings of the 30th Conference on Decision and Control, Brighton, England},
	YEAR =         {1991},
	pages=         {2116-2123},
}

@ARTICLE{tang:systematic,
	AUTHOR =       {Tang, K.M.W. and Tourassis, V. D.},
	TITLE =        {Systematic Simplification of Dynamic Robot Models},
	JOURNAL =      {Proceedings of Midwest Symposium on Ciruits and Systems, Syracuse, NY, USA},
	YEAR =         {1987},
	pages=         {1031-1034},
}


@ARTICLE{riedmiller:rprop,
	AUTHOR =       {Riedmiller, M. and Braun, H.},
	TITLE =        {A Direct Adaptive Method for Faster Backpropagation Learning: The RPROP algorithm},
	JOURNAL =      {Proceedings of the IEEE International Conference on Neural Networks, San Francisco, USA},
	YEAR =         {1993},
}

@ARTICLE{fahlman:quickprop,
	AUTHOR =       {Fahlman, S.E.},
	TITLE =        {Faster Learning Variations on Backpropagation: An Empirical Study},
	JOURNAL =      {Proceedings 1988 Connectionist Model Summer School, Morgan Kaufmann, Los Altos, USA},
	YEAR =         {1988},
	pages=         {38-51},
}

@ARTICLE{mozaryn:wyznaczanie,
	AUTHOR =       {Mo¿aryn, J. and Wildner, C. and Kurek, J. E.},
	TITLE =        {Wyznaczanie Parametrów Modelu Robota Przemys³owego Przy Pomocy Sieci Neuronowych},
	JOURNAL =      {XIV Krajowa Konferencja Automatyki 2002, Zielona Góra, Polska},
	YEAR =         {2002},
	pages =        {675-678},
}

@ARTICLE{mozaryn:synthesis,
	AUTHOR =       {Mo¿aryn, J. and Kurek, J. E.},
	TITLE =        {Synthesis of Sliding Mode Control of Robot with Neural Network Model},
	JOURNAL =      {12th IFAC IEEE Methods and Models in Automation and Robotics MMAR 2006, Miêdzyzdroje, Polska},
	YEAR =         {2006},
}

@ARTICLE{mozaryn:mechatronics10,
	AUTHOR =       {Mo¿aryn, J. and Kurek, J. E.},
	TITLE =        {Relative Error Indices for Comparison of Neural Models of Different Robots},
	JOURNAL =      {8th  International Conference, Mechatronics 2009, Luhacovice, Czech Republic,},
	YEAR =         {2009},
}

@ARTICLE{mozaryn:icaisc10,
	AUTHOR =       {Mo¿aryn, J. and Kurek, J. E.},
	TITLE =        {Design of a Neural Network for an Identification of a Robot Model with a Positive Definite Inertia Matrix},
	JOURNAL =      {Proc. 10th Int. Conf. on Artificial Intelligence and Soft Computing ICAISC 2010, Zakopane, Polska},
	YEAR =         {2010},
	volume =       {LNCS 6114/2010},
	pages =        {321-328},
}

@ARTICLE{mozaryn:icann10,
	AUTHOR =       {Mo¿aryn, J. and Kurek, J. E.},
	TITLE =        {Sliding Mode Control of Robot Based on Neural Network Model with Positive Definite Inertia Matrix},
	JOURNAL =      {20th International Conference on Artificial Neural Networks ICANN 2010, Thessaloniki, Greece},
	YEAR =         {2010},
	volume =       {LNCS 6353/2010},
	pages =        {266-275},
}

@ARTICLE{mozaryn:tikhonov,
	AUTHOR =       {Mo¿aryn, J. and Kurek, J. E.},
	TITLE =        {Using Tikhonov Regularization to Improve Estimation of Robot Position Based on Uncertain Robot Model Obtained by Neural Network},
	JOURNAL =      {Pomiary Automatyka Kontrola},
	YEAR =         {2009},
	volume =       {3},
}

@ARTICLE{mozaryn:calculation,
	AUTHOR =       {Mo¿aryn, J. and Kurek, J. E.},
	TITLE =        {Calculation of Model of the Robot by Neural Network with Robot Joint Distinction},
	JOURNAL =      {Seventh International Conference on Artificial Intelligence and Soft Computing 7th ICAISC, Zakopane, Polska},
	YEAR =         {2004},
	volume =       {LNAI 3070},
	pages =        {792-797},
}

@ARTICLE{mozaryn:neural,
	AUTHOR =       {Mo¿aryn, J. and Kurek, J. E.},
	TITLE =        {Neural Network Robot Model with Not Inverted Inertia Matrix},
	JOURNAL =      {Methods and Models in Automation and Robotics MMAR 2004, Miêdzyzdroje, Polska},
	YEAR =         {2004},
	pages =        {1021-1026},
}

@ARTICLE{armstrong:finding,
	AUTHOR =       {Armstrong, B.},
	TITLE =        {On Finding Exciting Trajectories for Identification Experiments Involving Systems with Nonlinear Dynamics},
	JOURNAL =      {International Journal of Robotic Research},
	YEAR =         {1989},
	volume=        {8},
	number=        {6},
	pages=         {28-48},
}

@ARTICLE{swevers:optimal,
	AUTHOR =       {Swevers, J. and Ganseman, C. and Tukel, D.B. and de Schutter, J. and van Brussel, H.},
	TITLE =        {Optimal Robot Excitation and Identification},
	JOURNAL =      {IEEE Transactions on Robotics and Automation},
	YEAR =         {1997},
	volume=        {13},
	number=        {5},
	pages=         {730-740},
}

@ARTICLE{olsen:newme,
	AUTHOR =       {Olsen, M.M. and Petersen, H.G.},
	TITLE =        {A New Method for Estimating Parameters of a Dynamic Robot Model},
	JOURNAL =      {IEEE Transactions od Robotics and Automation},
	YEAR =         {2001},
	volume=        {17},
	pages=         {95-100},
}

@ARTICLE{mozaryn:improvement,
	AUTHOR =       {Mo¿aryn, J. and Kurek, J. E.},
	TITLE =        {Improvement of Inertia Matrix in Robot Model Identified with Neural Networks},
	JOURNAL =      {Methods and Models in Automation and Robotics MMAR 2007, Miêdzyzdroje, Polska},
	YEAR =         {2007},
	pages =        {977-984},
}

@ARTICLE{mozaryn:comp_neural,
	AUTHOR =       {Mo¿aryn, J. and Kurek, J. E.},
	TITLE =        {Comparison of Neural Network Robot Models with Not Inverted and Inverted Inertia Matrix},
	JOURNAL =      {15th International Conference on Artificial Neural Networks ICANN 2005, Warszawa, Polska},
	YEAR =         {2005},
	volume =       {LNCS 3697},
	pages =        {417-422},
}

@ARTICLE{mozaryn:decoupled,
	AUTHOR =       {Mo¿aryn, J. and Kurek, J. E.},
	TITLE =        {Design of Decoupled Sliding Mode Control for the PUMA 560 Robot Manipulator},
	JOURNAL =      {Third International Workshop on Robot motion and Control RoMoCo 2002, Bukowy Dworek, Polska},
	YEAR =         {2002},
	pages =        {45-50},
}

@ARTICLE{mozaryn:comparison_smc,
	AUTHOR =       {Mo¿aryn, J. and Kurek, J. E.},
	TITLE =        {Comparison of Sliding Mode Control and Decoupled Sliding Mode Control of Robot Puma 560},
	JOURNAL =      {Methods and Models in Automation and Robotics MMAR 2003, Miêdzyzdroje, Polska},
	YEAR =         {2003},
	pages =        {969-974},
}

@ARTICLE{corke:search,
	AUTHOR =       {Corke, P. I. and Armstrong-Helouvry, B.},
	TITLE =        {A Search for Consensus Among Model Parameters Reported for the PUMA 560 Robot},
	JOURNAL =      {IEEE International Conference Robotics and Automation, San Diego, USA},
	YEAR =         {1994},
	volume=        {2},
	pages=         {1608-1613},
}

@ARTICLE{kostic:modelingrrr,
	AUTHOR =       {Kostic, D. and Hensen, R. and de Jager, B. and Steinbuch, M.},
	TITLE =        {Modelling and Identification of an RRR-robot},
	JOURNAL =      {40th IEEE International Conference on Decision and Control, Orlando, Florida, USA},
	YEAR =         {2001},
	volume=        {2},
	pages=         {1144-1149},
}

@ARTICLE{gautier:models,
	AUTHOR =       {Gautier, M.},
	TITLE =        {A Comparison of Filetered Models for Dynamic Identification of Robots},
	JOURNAL =      {35th IEEE Conference on Decision and Control, Kobe, Japan},
	YEAR =         {2001},
	volume=        {1},
	pages=         {875-880},
}


@ARTICLE{kozlowski:articulated,
	AUTHOR =       {Koz³owski, K.},
	TITLE =        {Identification Of Articulated Body Inertias And Decoupled Control Of Robots In Terms Of Quasi-coordinates},
	JOURNAL =      {Proceedings of the 1996 IEEE International Conference on Robotics and Automation, Minneapolis, Minnesota},
	YEAR =         {1996},
	volume=        {1},
	pages=         {317-322},
}

@ARTICLE{kozlowski:nonconventional,
	AUTHOR =       {Koz³owski, K. and Tar, J.K. and Rudas, I.J. and Bit\'{o}, J.F.},
	TITLE =        {Non-Conventional Integration of the Fundamental Elements of Soft Computing and Traditional Methods in Adaptive Robot Control},
	JOURNAL =      {Proceedings of the 2000 IEEE lnternational Conference on Robotics and Automation, San Francisco, CA, USA},
	YEAR =         {2000},
	pages=         {3531-3536},
}

@ARTICLE{dutkiewicz:experimental,
	AUTHOR =       {Dutkiewicz, P. and Koz³owski, K. and Wróblewski, W. S.},
	TITLE =        {Experimental Identification of Robot and Load Dynamic Parameters},
	JOURNAL =      {Second lEEE Conference on Control Applications, Vancouver, B.C., Canada},
	YEAR =         {1993},
	volume=        {2},
	pages=         {767-776},
}

@ARTICLE{khalil:identification,
	AUTHOR =       {Gautier, M. and Khalil, W.},
	TITLE =        {On the Identification of the Inertial Parameters of Robots},
	JOURNAL =      {Proceedings IEEE Conference on Decision and Control, Austin, Texas, USA},
	YEAR =         {1988},
	volume=        {3},
	pages=         {2264-2269},
}

@ARTICLE{armstrong:explicit,
	AUTHOR =       {Armstrong, B. and Khatib, O. and Burdick, J.},
	TITLE =        {The Explicit Dynamic Model and Inertial Parameters of the PUMA 560 Arm},
	JOURNAL =      {Proceedings IEEE Conference on Robotics and Automation, San Francisco, CA, USA},
	YEAR =         {1986},
	volume=        {1},
	pages=         {510-518},
}

@ARTICLE{kurek:neural,
	AUTHOR =       {Kurek, J.E.},
	TITLE =        {Neural Net Model of Robot Manipulator},
	JOURNAL =      {Neural Computation NC'98, Vienna, Austria},
	YEAR =         {1998},
	pages=         {778-783},
}

@ARTICLE{kurek:calculation,
	AUTHOR =       {Kurek, J.E.},
	TITLE =        {Calculation of Robot Manipulator Model Using Neural Net},
	JOURNAL =      {European Control Conference ECC'99, Karlsruhe, Germany},
	YEAR =         {1999},
	
}

@ARTICLE{sun:sampled,
	AUTHOR =       {Sun, F.C. and Sun, Z.Q.},
	TITLE =        {Stable Sampled-data Adaptive Control of Robot Arms Using Neural Networks},
	JOURNAL =      {Journal of Intelligent and Robotic Systems},
	YEAR =         {1997},
	volume=        {20},
	number=        {2-4},
	pages=         {131-155},
}

@ARTICLE{albus:newpproach,
	AUTHOR =       {Albus, J.S.},
	TITLE =        {A New Approach to Manipulator Control: The Cerebellar Model Articulation Controller CMAC},
	JOURNAL =      {ASME Journal of Dynamic Systems, Measurement and Control},
	YEAR =         {1975},
	volume=        {97},
	pages=         {220-227},
}

@ARTICLE{horowitz:learning,
	AUTHOR =       {Horowitz, R.},
	TITLE =        {Learning Control of Robot Manipulators},
	JOURNAL =      {ASME Journal of Dynamic Systems, Measurement and Control},
	YEAR =         {1993},
	volume=        {115},
	pages=         {402-411},
}

@ARTICLE{lesewed:synteza,
	AUTHOR =       {Lesewed, A. and Kurek, J.E.},
	TITLE =        {Design of Iterative Learning Control for Simple Robot Based on Neural Network Robot Model},
	JOURNAL =      {Pomiary Automatyka Kontrola},
	YEAR =         {2009},
	volume=        {3},
	pages=         {205-208},
}

@TECHREPORT{polycarpou:identification,
	AUTHOR =       {Polycarpou, M.M. and Ioannou, P.A.},
	TITLE =        {Identification and Control of Nonlinear Systems Using Neural Network Models: Design and Stability Analysis},
	INSTITUTION =  {Departement of Electrical Egineering and Engineering Systems, Univeristy of Southern California},
	YEAR =         {1991},
	number =       {91-09-01},
}

@ARTICLE{young:controller,
	AUTHOR =       {Young K. K. D.},
	TITLE =        {Controller design for a manipulator using theory of variable structure systems},
	JOURNAL =      {IEEE Trans. Sys. Man. And Cyb.},
	YEAR =         {1978},
	volume=        {SMC-8},
	pages=         {101-109},
}
